@misc{flick2017,
    author = "Jasper Flick",
    title  = {{M}athematical {S}urfaces {S}culpting with {N}umbers},
    year   = "2017",
    Note = {\'{U}ltimo Acceso: 2018-11-12, \url{https://catlikecoding.com/unity/tutorials/basics/mathematical-surfaces/}}}
    
@misc{sano2018,
    author = "Michael Sano",
    title  = {{Can AR/VR Improve Learning? Integrating Extended Reality Into Academic Programs \#DLNchat}},
    month = "Julio",
    year   = "2018",
    Note = {\'{U}ltimo Acceso: 2018-12-12, \url{https://www.edsurge.com/news/2018-07-19-can-ar-vr-improve-learning-integrating-extended-reality-into-academic-programs-dlnchat}}}
    
@misc{craig2018,
    author = "Emory Craig and Maya Georgieva",
    title  = {{From VR and AR to Our XR Future: Transforming Higher Education}},
    month = "Agosto",
    year   = "2018",
    Note = {\'{U}ltimo Acceso: 2018-12-12, \url{https://er.educause.edu/blogs/2018/8/from-vr-and-ar-to-our-xr-future-transforming-higher-education}}}